%% This BibTeX bibliography file was created using BibDesk.
%% http://bibdesk.sourceforge.net/


%% Created for Julio R. at 2014-10-30 16:26:36 -0500


%% Saved with string encoding Unicode (UTF-8)



@online{AG,
		author = {Aidan Hogan},
		title = {Sitio Personal},
		url = {http://aidanhogan.com/},
		urldate = {2016-04-12}
	}


	@online{CSWR,
			author = {Center for Semantic Web Research},
			title = {Center for Semantic Web Research},
			url = {http://ciws.cl/},
			urldate = {2016-04-12}
		}



		@online{JP,
				author = {DCC},
				title = {Jos√© A. Pino},
				url = {http://www.dcc.uchile.cl/cgi-bin/cgiwrap/jpino/w_index.pl},
				urldate = {2016-04-12}
			}
