%% This BibTeX bibliography file was created using BibDesk.
%% http://bibdesk.sourceforge.net/


%% Created for Julio R. at 2014-10-30 16:26:36 -0500


%% Saved with string encoding Unicode (UTF-8)



@manual{Peter2005,
	Author = {Peter J. Denning},
	Edition = {1},
	Organization = {Communications of the ACM},
	Title = {Is Computer Science Science?},
	Year = {2005}}

@online{ciencia,
		author = {wikipedia.org},
		title = {Ciencia},
		url = {https://es.wikipedia.org/wiki/Ciencia},
		urldate = {2016-03-14}
	}

@online{Cientista,
		author = {wikipedia.org},
		title = {Cientista},
		url = {https://pt.wikipedia.org/wiki/Cientista},
		urldate = {2016-03-14}
	}

@online{SpaceOdyssey,
		author = {wikipedia.org},
		title = {2001: A Space Odyssey},
		url = {https://es.wikipedia.org/wiki/2001:_A_Space_Odyssey_(pel%C3%ADcula)},
		urldate = {2016-03-14}
	}

@online{MacGyver,
		author = {wikipedia.org},
		title = {MacGyver: Serie de televisi√≥n estadounidense},
		url = {https://es.wikipedia.org/wiki/MacGyver},
		urldate = {2016-03-14}
	}


@online{NavajaSuiza,
		author = {wikipedia.org},
		title = {Navaja suiza},
		url = {https://es.wikipedia.org/wiki/Navaja_suiza},
		urldate = {2016-03-14}
	}

@online{kitDeSupervivencia,
		author = {nopuedocreer.com},
		title = {Kit de supervivencia},
		url = {http://www.nopuedocreer.com/quelohayaninventado/2351/kit-de-supervivencia-de-macgyver/},
		urldate = {2016-03-14}
	}

@online{usarClip,
		author = {youtube.com},
		title = {Desarmar un misil con un clip},
		url = {https://www.youtube.com/watch?v=IZCCQnSkjQk},
		urldate = {2016-03-14}
	}

@online{clip,
		author = {wikipedia.org},
		title = {Clip},
		url = {https://es.wikipedia.org/wiki/Clip},
		urldate = {2016-03-14}
	}
