%% This BibTeX bibliography file was created using BibDesk.
%% http://bibdesk.sourceforge.net/


%% Created for Julio R. at 2014-10-30 16:26:36 -0500


%% Saved with string encoding Unicode (UTF-8)



@online{web:1,
	author = {MD Anderson},
	title = {First computer program developed to detect DNA mutations in single cancer cells},
	url = {https://www.mdanderson.org/newsroom/2016/04/first-computer-progr.html},
	urldate = {2016-04-24}
}

@online{web:2,
	author = {Hamim Zafar, Yong Wang, Luay Nakhleh,	Nicholas Navin, Ken Chen},
	year = 2016,
	title = {Monovar: single nucleotide variant detection in single cells},
	url = {http://www.nature.com/nmeth/journal/vaop/ncurrent/full/nmeth.3835.html},
	urldate = {2016-04-24}
}

@online{web:3,
	author = {Escobar Silva, Eduardo Ignacio},
	year = 2014,
	title = {Listado eficiente y en espacio reducido de documentos con sus frecuencias},
	url = {http://repositorio.uchile.cl/handle/2250/116960},
	urldate = {2016-04-24}
}
