%% This BibTeX bibliography file was created using BibDesk.
%% http://bibdesk.sourceforge.net/


%% Created for Julio R. at 2014-10-30 16:26:36 -0500


%% Saved with string encoding Unicode (UTF-8)



@online{entiendo:2016,
	author = {Patricia Pérez Corrales},
	year = 2016,
	title = {Un algoritmo permite a las máquinas entender el habla humana rápidamente},
	url = {http://www.tendencias21.net/Un-algoritmo-permite-a-las-maquinas-entender-el-habla-humana-rapidamente_a42204.html},
	urldate = {2016-03-09}
}

@online{USC,
	author = {Universidad del Sur de California},
	title = {Universidad del Sur de California},
	url = {http://www.usc.edu/},
	urldate = {2016-03-09}
}

@online{NSF,
	author = {Fundación Nacional de Ciencia},
	title = {Fundación Nacional de Ciencia},
	url = {http://www.nsf.gov/},
	urldate = {2016-03-09}
}


@online{cortana,
		author = {Wikipedia.org},
		title = {Microsoft Cortana},
		url = {https://es.wikipedia.org/wiki/Microsoft_Cortana},
		urldate = {2016-03-14}
		}

@online{googleNow,
		author = {Wikipedia.org},
		title = {Google Now},
		url = {https://es.wikipedia.org/wiki/Google_Now},
		urldate = {2016-03-14}
		}

@online{siri,
		author = {Wikipedia.org},
		title = {Siri},
		url = {https://es.wikipedia.org/wiki/Siri},
		urldate = {2016-03-14}
		}

@online{pvoz,
		author = {Wikipedia.org},
		title = {Procesamiento digital de voz},
		url = {https://es.wikipedia.org/wiki/Procesamiento_digital_de_voz},
		urldate = {2016-03-14}
		}

@online{echo,
		author = {Amazon.com},
		title = {Echo},
		url = {http://www.amazon.com/Amazon-SK705DI-Echo/dp/B00X4WHP5E},
		urldate = {2016-03-14}
		}

@online{alexa,
		author = {Darrell Etherington},
		title = {Amazon Unbundles Alexa Virtual Assistant From Echo With New Dev Tools},
		url = {http://techcrunch.com/2015/06/25/amazon-unbundles-alexa-virtual-assistant-from-echo-with-new-dev-tools/},
		urldate = {2016-03-14}
		}

@online{hbarbie,
		author = {Mattel},
		title = {Hello Barbie},
		url = {http://hellobarbiefaq.mattel.com/},
		urldate = {2016-03-14}
		}

@online{DeVault,
	Author = {Maike Paetzel, Ramesh Manuvinakurike, David DeVault},
	Pages = {1 -- 10},
	Timestamp = {2014.09.03},
	Title = {“So, which one is it?” The effect of alternative incremental architectures in a high-performance game-playing agent},
	Url = {http://ict.usc.edu/pubs/So,%20which%20one%20is%20it%20-%20The%20effect%20of%20alternative%20incremental%20architectures%20in%20a%20high-performance%20game-playing%20agent.pdf},
	Year = {2015},
  Bdsk-Url-1 = {http://ict.usc.edu/pubs/So,%20which%20one%20is%20it%20-%20The%20effect%20of%20alternative%20incremental%20architectures%20in%20a%20high-performance%20game-playing%20agent.pdf},
	}
