%% This BibTeX bibliography file was created using BibDesk.
%% http://bibdesk.sourceforge.net/


%% Created for Julio R. at 2014-10-30 16:26:36 -0500


%% Saved with string encoding Unicode (UTF-8)



@online{robos,
		author = {iaatilatam.org},
		title = {Asociación Internacional de Investigadores del Robo de Autos },
		url = {http://iaatilatam.org/},
		urldate = {2016-03-14}
	}


@online{recupero,
		author = {Diario Longino},
		title = {Recuperacion de vehiculos },
		url = {http://diariolongino.cl/ediciones2014/pdf21febrero1.pdf},
		urldate = {2016-03-14}
	}

@online{recono,
		author = {3N},
		title = {Camera auto license recognition},
		url = {http://solutions.3mchile.cl/wps/portal/3M/es_CL/TSS_LA/sistemas-de-seguridad-vial/soluciones/its/camera-auto-license-recognition/},
		urldate = {2016-03-14}
	}

@online{estima,
		author = {articulosit},
		title = {Proyectos de Desarrollo de Software: Los 10 errores más clásicos},
		url = {hhttps://articulosit.files.wordpress.com/2012/08/proyectos-de-desarrollo-de-software1.pdf},
		urldate = {2016-03-14}
	}
