%% This BibTeX bibliography file was created using BibDesk.
%% http://bibdesk.sourceforge.net/


%% Created for Julio R. at 2014-10-30 16:26:36 -0500


%% Saved with string encoding Unicode (UTF-8)



@online{web:1,
	author = {Samuel K. Moore},
	title = {System Can ID You by Your Brainwaves With 100 Percent Accuracy},
	url = {http://spectrum.ieee.org/the-human-os/biomedical/diagnostics/system-can-id-you-by-your-brainwaves-with-100-percent-accuracy},
	urldate = {2016-04-21}
}

@online{web:2,
	author = {ANDREW HATLING, BINGHAMTON UNIVERSITY},
	year = 2016,
	title = {Researchers can identify you by your brain waves with 100 percent accuracy},
	url = {http://www.eurekalert.org/pub_releases/2016-04/bu-rci041816.php},
	urldate = {2016-04-18}
}

@online{web:3,
	author = {Escobar Silva, Eduardo Ignacio},
	year = 2016,
	title = {CEREBRE: A Novel Method for Very High Accuracy Event-Related Potential Biometric Identification},
	url = {http://ieeexplore.ieee.org/xpl/articleDetails.jsp?arnumber=7435286},
	urldate = {2016-04-12}
}
