%% This BibTeX bibliography file was created using BibDesk.
%% http://bibdesk.sourceforge.net/


%% Created for Julio R. at 2014-10-30 16:26:36 -0500


%% Saved with string encoding Unicode (UTF-8)



@online{Nancy,
		author = {DCC},
		title = {Nancy Hitschfeld},
		url = {http://www.dcc.uchile.cl/node/310},
		urldate = {2016-03-14}
	}

@online{benjamin,
		author = {DCC},
		title = {Benjamin Bustos},
		url = {https://www.dcc.uchile.cl/benjamin_bustos},
		urldate = {2016-03-14}
	}

@online{Anillo,
		author = {Proyecto Anillo en Cosmología},
		title = {Testeando las Teorías Fundamentales de la Naturaleza},
		url = {http://www.cosmologia.cl/index.php},
		urldate = {2016-03-14}
	}

@online{meshing,
		author = {Nancy Hitschfeld, Fondecyt project Nº 1120495},
		title = {Improving the functionality and performance of meshing tools},
		url = {http://users.dcc.uchile.cl/~nancy/?q=node/13},
		urldate = {2016-03-14}
	}
