%% This BibTeX bibliography file was created using BibDesk.
%% http://bibdesk.sourceforge.net/


%% Created for Julio R. at 2014-10-30 16:26:36 -0500


%% Saved with string encoding Unicode (UTF-8)



@online{web:1,
	author = {Birgitte Svennevig},
	year = 2016,
	title = {Now researchers can follow the hectic life inside a cell},
	url = {http://www.sdu.dk/en/om_sdu/fakulteterne/naturvidenskab/aktuelt/2016_03_11_cell_traffic},
	urldate = {2016-03-21}
}
