%% This BibTeX bibliography file was created using BibDesk.
%% http://bibdesk.sourceforge.net/


%% Created for Julio R. at 2014-10-30 16:26:36 -0500


%% Saved with string encoding Unicode (UTF-8)



@online{web:1,
	author = {Myriam Sánchez},
	year = 2013,
	title = {Enfriamiento en centros de datos},
	url = {https://www.mundohvacr.com.mx/mundo/2013/02/enfriamiento-en-centros-de-datos/},
	urldate = {2016-03-21}
}

@online{web:2,
	author = {José Alberto LLavot},
	year = 2012,
	title = {Mejores prácticas para enfriamiento en centros de datos},
	url = {https://www.mundohvacr.com.mx/mundo/2012/05/mejores-practicas-para-enfriamiento-en-centros-de-datos/},
	urldate = {2016-03-21}
}

@online{web:3,
	author = {John Niemann, John Bean, Victor Avelar},
	year = 2012,
	title = {Modos de economización de los sistemas de enfriamiento para centros de datos },
	url = {http://www.apcmedia.com/salestools/JNIN-7RMNRX/JNIN-7RMNRX_R0_LS.pdf?sdirect=true},
	urldate = {2016-03-21}
}

@online{web:4,
	author = {Emerson - Empresa},
	year = 2012,
	title = {Reducción del consumo de energía del centro de proceso de datos mediante la creación de ahorros que forman una cascada entre los sistemas },
	url = {http://www.emersonnetworkpower.com/documentation/en-us/brands/liebert/documents/white%20papers/energy%20logic-reducing%20data%20center%20energy%20consumption%20by%20creating%20savings%20that%20cascade%20across%20systems%20(spanish).pdf},
	urldate = {2016-03-21}
}

@online{web:5,
	author = {Wikipedia},
	year = 2016,
	title = {Trifosfato de Adenosina },
	url = {https://es.wikipedia.org/wiki/Adenos%C3%ADn_trifosfato},
	urldate = {2016-03-21}
}

@online{web:6,
	author = {Dan V. Nicolau Jr.a, Mercy Lardc, Till Kortend,e, Falco C. M. J. M. van Delftf, Malin Perssong , Elina Bengtssong , Alf Månssong , Stefan Diezd, Heiner Linkec, and Dan V. Nicolauh},
	year = 2016,
	title = {Parallel computation with molecular-motor-propelled agents in nanofabricated networks},
	url = {http://www.pnas.org/content/113/10/2591.full.pdf},
	urldate = {2016-03-21}
}
