%% This BibTeX bibliography file was created using BibDesk.
%% http://bibdesk.sourceforge.net/


%% Created for Julio R. at 2014-10-30 16:26:36 -0500


%% Saved with string encoding Unicode (UTF-8)



@online{web:1,
	author = {Amy Nordrum},
	title = {5 Ways Cyber Experts Think the FBI Might Have Hacked the San Bernardino iPhone},
	url = {http://spectrum.ieee.org/tech-talk/telecom/security/5-ways-experts-think-the-fbi-might-have-hacked-the-san-bernardino-iphone},
	urldate = {2016-04-18}
}


@online{web:2,
	author = {ASPLOS 2016},
	year = 2016,
	title = {FBI paid “gray hats” for zero-day exploit that unlocked seized iPhone},
	url = {http://arstechnica.com/tech-policy/2016/04/fbi-paid-gray-hats-for-zero-day-exploit-that-unlocked-seized-iphone/},
	urldate = {2016-04-18}
}
