%% This BibTeX bibliography file was created using BibDesk.
%% http://bibdesk.sourceforge.net/


%% Created for Julio R. at 2014-10-30 16:26:36 -0500


%% Saved with string encoding Unicode (UTF-8)



@online{web:1,
	author = {Association for Computing Machinery},
	title = {Advancing Computing as a Science \& Profession},
	url = {https://www.acm.org/},
	urldate = {2016-04-09}
}


@online{web:2,
	author = {ASPLOS 2016},
	year = 2016,
	title = {U21th ACM International Conference on Architectural Support for Programming Languages and Operating Systems Atlanta},
	url = {https://www.ece.cmu.edu/calcm/asplos2016/program.html},
	urldate = {2016-04-09}
}

@online{web:3,
	author = {Jennifer Langston},
	year = 2016,
	title = {UW team stores digital images in DNA â€” and retrieves them perfectly},
	url = {http://www.washington.edu/news/2016/04/07/uw-team-stores-digital-images-in-dna-and-retrieves-them-perfectly/},
	urldate = {2016-04-09}
}
