%% This BibTeX bibliography file was created using BibDesk.
%% http://bibdesk.sourceforge.net/


%% Created for Julio R. at 2014-10-30 16:26:36 -0500


%% Saved with string encoding Unicode (UTF-8)



@online{web:1,
	author = {Abad Miguel Ángela, Gomes João Bártolob, Menasalvas Ernestina},
	year = 2016,
	title = {Predicting recurring concepts on data-streams by means of a meta-model and a fuzzy similarity function},
	url = {http://www.sciencedirect.com/science/article/pii/S0957417415007174},
	urldate = {2016-04-04}
}


@online{web:2,
	author = {Universidad Politécnica de Madrid},
	year = 2016,
	title = {Una novedosa herramienta contra el fraude informático},
	url = {http://www.upm.es/UPM/CanalUPM/Noticias?id=385719e613b53510VgnVCM10000009c7648a____&fmt=detail&prefmt=articulo},
	urldate = {2016-03-21}
}
