%% This BibTeX bibliography file was created using BibDesk.
%% http://bibdesk.sourceforge.net/


%% Created for Julio R. at 2014-10-30 16:26:36 -0500


%% Saved with string encoding Unicode (UTF-8)



@manual{wics:1967,
	Author = {Allen Newell, Alan J. Perlis, Herbert A. Simon},
	Url = {http://www.cs.cmu.edu/~choset/whatiscs.html},
	Title = {What is Computer Science?},
	Year = {1967}}

@online{turing,
  author = {acm.org},
  title = {{A.M. Turing Award} acm.org},
  year = 1966,
  url = {http://amturing.acm.org/},
  urldate = {2016-03-14}
}

@online{allen,
	  author = {wikipedia.org},
	  title = {{Allen Newell} Premio Turing},
	  year = 1975,
	  url = {https://es.wikipedia.org/wiki/Allen_Newell},
	  urldate = {2016-03-14}
	}

@online{herbert,
		author = {wikipedia.org},
		title = {{Herbert Alexander Simon} Premio Turing},
		year = 1975,
		url = {https://es.wikipedia.org/wiki/Herbert_Alexander_Simon},
		urldate = {2016-03-14}
	}

@online{alan,
		author = {wikipedia.org},
		title = {{Alan Perlis} Premio Turing},
		year = 1975,
		url = {https://es.wikipedia.org/wiki/Alan_Perlis},
		urldate = {2016-03-14}
	}

@online{OOTB,
		author = {wikipedia.org},
		title = {{Out Of The Box (feature)} functionality},
		url = {https://en.wikipedia.org/wiki/Out_of_the_box_(feature)},
		urldate = {2016-03-14}
	}

@online{5vias,
		author = {A.Luetich},
		year = 2003,
		title = {LA EXISTENCIA DE DIOS: LAS CINCO VÍAS DE TOMÁS DE AQUINO PARA LA DEMOSTRACIÓN DE LA EXISTENCIA DE DIOS Y OTROS ARGUMENTOS},
		url = {http://www.mscperu.org/filosofia/existenciadeDios/cincopruebas_STomas.htm},
		urldate = {2016-03-14}
	}

@online{svsb,
		author = {Zack Snyder},
		year = 2016,
		title = {Batman v Superman: Dawn of Justice},
		url = {https://es.wikipedia.org/wiki/Batman_v_Superman:_Dawn_of_Justice},
		urldate = {2016-03-14}
	}
